<?xml version="1.0" encoding="UTF-8"?>
<ting:container xmlns:ting="http://www.dbc.dk/ting" xmlns:dkabm="http://biblstandard.dk/abm/namespace/dkabm/" xmlns:ac="http://biblstandard.dk/ac/namespace/" xmlns:dkdcplus="http://biblstandard.dk/abm/namespace/dkdcplus/" xmlns:oss="http://oss.dbc.dk/ns/osstypes" xmlns:dc="http://purl.org/dc/elements/1.1/" xmlns:dcterms="http://purl.org/dc/terms/" xmlns:xsi="http://www.w3.org/2001/XMLSchema-instance" xmlns:docbook="http://docbook.org/ns/docbook" xmlns:oso="http://oss.dbc.dk/ns/opensearchobjects"><dkabm:record><ac:identifier>45235394|870970</ac:identifier><ac:source>Bibliotekskatalog</ac:source><dc:title>Elder scrolls V</dc:title><dc:title xsi:type="dkdcplus:full">Elder scrolls V : Skyrim official strategy guide</dc:title><dcterms:alternative>Skyrim official strategy guide</dcterms:alternative><dc:subject xsi:type="dkdcplus:DK5">79.41</dc:subject><dc:subject xsi:type="dkdcplus:DK5-Text">Computerspil</dc:subject><dc:subject xsi:type="dkdcplus:DBCO">computerspil</dc:subject><dc:subject xsi:type="dkdcplus:DBCO">rollespil</dc:subject><dc:subject xsi:type="dkdcplus:DBCO">vejledninger</dc:subject><dc:description>På omslaget: Covers Xbox 360, PlayStation 3, PC</dc:description><dcterms:audience>voksenmaterialer</dcterms:audience><dc:publisher>ZeniMax Europe</dc:publisher><dc:publisher>Bethesda Softworks</dc:publisher><dc:contributor xsi:type="dkdcplus:aut">David S. J. Hodgson</dc:contributor><dc:contributor xsi:type="dkdcplus:aut">Steve Stratton</dc:contributor><dc:date>2011</dc:date><dc:type xsi:type="dkdcplus:BibDK-Type">Bog</dc:type><dc:format>illustreret i farver, 1 kort</dc:format><dcterms:extent>655 sider</dcterms:extent><dc:identifier xsi:type="dkdcplus:ISBN">9781908674036</dc:identifier><dc:language xsi:type="dcterms:ISO639-2">eng</dc:language><dc:language>Engelsk</dc:language></dkabm:record><marcx:collection xmlns:marcx="info:lc/xmlns/marcxchange-v1"><marcx:record format="danMARC2" type="Bibliographic"><marcx:leader>000000000000000000000000</marcx:leader><marcx:datafield tag="001" ind1="0" ind2="0"><marcx:subfield code="a">45235394</marcx:subfield><marcx:subfield code="b">870970</marcx:subfield><marcx:subfield code="c">20120628132009</marcx:subfield><marcx:subfield code="d">20120525</marcx:subfield><marcx:subfield code="f">a</marcx:subfield></marcx:datafield><marcx:datafield tag="002" ind1="0" ind2="0"><marcx:subfield code="b">785100</marcx:subfield><marcx:subfield code="c">95581129</marcx:subfield><marcx:subfield code="x">78510095581129</marcx:subfield></marcx:datafield><marcx:datafield tag="004" ind1="0" ind2="0"><marcx:subfield code="a">e</marcx:subfield><marcx:subfield code="r">c</marcx:subfield></marcx:datafield><marcx:datafield tag="008" ind1="0" ind2="0"><marcx:subfield code="t">m</marcx:subfield><marcx:subfield code="v">0</marcx:subfield><marcx:subfield code="u">f</marcx:subfield><marcx:subfield code="a">2011</marcx:subfield><marcx:subfield code="l">eng</marcx:subfield><marcx:subfield code="b">gb</marcx:subfield><marcx:subfield code="d">y</marcx:subfield><marcx:subfield code="x">06</marcx:subfield></marcx:datafield><marcx:datafield tag="009" ind1="0" ind2="0"><marcx:subfield code="a">a</marcx:subfield><marcx:subfield code="g">xx</marcx:subfield></marcx:datafield><marcx:datafield tag="021" ind1="0" ind2="0"><marcx:subfield code="e">9781908674036</marcx:subfield></marcx:datafield><marcx:datafield tag="245" ind1="0" ind2="0"><marcx:subfield code="a">Elder scrolls V</marcx:subfield><marcx:subfield code="c">Skyrim official strategy guide</marcx:subfield></marcx:datafield><marcx:datafield tag="260" ind1="0" ind2="0"><marcx:subfield code="a">London</marcx:subfield><marcx:subfield code="b">ZeniMax Europe</marcx:subfield><marcx:subfield code="b">Bethesda Softworks</marcx:subfield><marcx:subfield code="c">2011</marcx:subfield></marcx:datafield><marcx:datafield tag="300" ind1="0" ind2="0"><marcx:subfield code="a">655 sider</marcx:subfield><marcx:subfield code="b">ill. i farver</marcx:subfield><marcx:subfield code="c">28 cm</marcx:subfield><marcx:subfield code="d">1 kort</marcx:subfield></marcx:datafield><marcx:datafield tag="505" ind1="0" ind2="0"><marcx:subfield code="a">Spilguide</marcx:subfield></marcx:datafield><marcx:datafield tag="512" ind1="0" ind2="0"><marcx:subfield code="a">På omslaget: Covers Xbox 360, PlayStation 3, PC</marcx:subfield></marcx:datafield><marcx:datafield tag="652" ind1="0" ind2="0"><marcx:subfield code="m">79.41</marcx:subfield></marcx:datafield><marcx:datafield tag="666" ind1="0" ind2="0"><marcx:subfield code="o">computerspil</marcx:subfield></marcx:datafield><marcx:datafield tag="666" ind1="0" ind2="0"><marcx:subfield code="o">rollespil</marcx:subfield></marcx:datafield><marcx:datafield tag="666" ind1="0" ind2="0"><marcx:subfield code="o">vejledninger</marcx:subfield></marcx:datafield><marcx:datafield tag="700" ind1="0" ind2="0"><marcx:subfield code="a">Hodgson</marcx:subfield><marcx:subfield code="h">David S. J.</marcx:subfield><marcx:subfield code="4">aut</marcx:subfield></marcx:datafield><marcx:datafield tag="700" ind1="0" ind2="0"><marcx:subfield code="a">Stratton</marcx:subfield><marcx:subfield code="h">Steve</marcx:subfield><marcx:subfield code="4">aut</marcx:subfield></marcx:datafield><marcx:datafield tag="745" ind1="0" ind2="0"><marcx:subfield code="a">Skyrim official strategy guide</marcx:subfield></marcx:datafield><marcx:datafield tag="996" ind1="0" ind2="0"><marcx:subfield code="a">785100</marcx:subfield></marcx:datafield><marcx:datafield tag="n55" ind1="0" ind2="0"><marcx:subfield code="a">20120525</marcx:subfield></marcx:datafield></marcx:record></marcx:collection><oss:openurl>_BASEURL_url_ctx_fmt=info:ofi/fmt:kev:mtx:ctx&amp;ctx_ver=Z39.88-2004&amp;rft_val_fmt=info:ofi/fmt:kev:mtx:book&amp;rft.btitle=Elder+scrolls+V&amp;rft.date=2011&amp;rft.isbn=9781908674036&amp;rft.pub=ZeniMax+Europe&amp;rft.genre=book</oss:openurl><adminData><creationDate>2012-05-25</creationDate><libraryType>none</libraryType><indexingAlias>danmarcxchange</indexingAlias><accessType>physical</accessType><genre>nonfiktion</genre><collectionIdentifier>870970-basis</collectionIdentifier></adminData></ting:container>